% This file was created with JabRef 2.10.
% Encoding: ISO8859_1


@Article{dahl+etal_taslp12,
  Title                    = {Context-dependent pre-trained deep neural networks for large-vocabulary speech recognition},
  Author                   = {Dahl, George E and Yu, Dong and Deng, Li and Acero, Alex},
  Journal                  = {IEEE Trans. Audio, Speech, Language Process.},
  Year                     = {2012},
  Number                   = {1},
  Pages                    = {30--42},
  Volume                   = {20},

  Owner                    = {kamperh},
  Quality                  = {1},
  Timestamp                = {2014.09.15}
}

@Article{Notes_15_puzzle,
  Title                    = {Notes on the "15" Puzzle},
  Author                   = {Johnson, Wm. Woolsey; Story, William E.},
  Journal                  = { American Journal of
  Mathematics},
  Year                     = {1879},
  Number                   = {2(4)},
  Pages                    = {397â€“404},
  Volume                   = {29},
}

@BOOK{Computation_finite_and_infinite_machines,
	TITLE = {Computation: finite and infinite machines},
	AUTHOR = {Minsky},
	YEAR = {1967},
	PUBLISHER = {Prentice Hall}
}
@misc{princeton_8puzzle_assignment,
	author = {Princeton University Faculty of Computer Science},
	title = {8puzzle assignment},
	url = {https://www.cs.princeton.edu/courses/archive/spring18/cos226/assignments/8puzzle/index.html}
}
@misc{Domain_cube_forum,
	author = {Domain of the Cube Forum},
	title = {5x5 sliding puzzle can be solved in 205 moves},
	url = {http://cubezzz.dyndns.org/drupal/?q=node/view/559},
	year={2016}
}

@BOOK{sutton_barto,
	TITLE = {Reinforcement
	Learning
	An Introduction
	second edition},
	AUTHOR = {Richard S. Sutton and Andrew G. Barto},
	YEAR = {2018},
	PUBLISHER = {The MIT Press}
}

@Article{15-puzzle_value_iteration,
	Title                    = {Solving the 15-Puzzle Game
Using Local Value-Iteration},
	Author                   = {Bastian Bischoff, Duy Nguyen-Tuong, Heiner Markert, and Alois Knoll},
	Year                     = {2013}
}

@misc{David_Silver,
	author = {David Silver},
	title = {UCL Course on RL
	},
	url = {https://www.davidsilver.uk/teaching/},
	year={2015}
}

@Article{search_alg,
	Title                    = {Depth-first iterative-deepening: an optimal admissible tree search. Ar-
	tificial Intelligence 27},
	Author                   = {Korf, R. E.},
	pages					 =
	{97--109},
	Year                     = {(1985)}
}

@misc{xiaomi,
	author = {NiSoMi LLC},
	title = {Mi Home (Mijia) Roborock Robot Vacuum Cleaner 2 White 
	},
	url = {https://xiaomi-mi.com/cleaning-gear/xiaomi-mijia-roborock-robot-vacuum-cleaner-2-white/},
	year={2015}
}

@Article{15_puz,
	Title                    = {A Modern Treatment of the 15 Puzzle.},
	Author                   = {Archer, A. F.},
	Publisher				 =
	{American Mathematical
	Monthly},
	pages					 =
	{793--799},
	Year                     = {(1999)}
}

@Article{MDP_Paul_Weng,
	Title                    = {Markov Decision Processes with Ordinal Rewards:
	Reference Point-Based Preferences},
	Publisher				 =
	{Association for the Advancement of Artificial
	Intelligence},	
	Author                   = {Paul Weng},
	Year                     = {2011}
}

@misc{MDP_L._Enrique_Sucar,
	author = {L. Enrique Sucar, INAOE},
	title = {Markov Decision Processes Probabilistic Graphical Models
	},
	url = {https://ccc.inaoep.mx/~esucar/Clases-mgp/Notes/c11-mdp.pdf},
	year={n.d.}
}

@misc{MDP_Elena_Zanini,
	author = {Elena Zanini},
	title = {Markov Decision Processes
	},
	url = {https://www.lancaster.ac.uk/postgrad/zaninie/MDP.pdf},
	year={n.d.}
}

@misc{e_greedy_Michel_T,
	author =
	{Michel Tokic},
	title = {Adaptive $\epsilon$-greedy Exploration in Reinforcement Learning basedon Value Differences
	},
	publisher =
	{Institute of Neural Information Processing, University of Ulm},
	year={2014}
}